%% This BibTeX bibliography file was created using BibDesk.
%% https://bibdesk.sourceforge.io/

%% Created for Stuart Edris at 2019-10-07 14:30:00 -0500 


%% Saved with string encoding Unicode (UTF-8) 



@article{Chen_1996,
	Author = {Chen, F., and K. Mitchell, and J. Schaake, and Y. Xue, and H.-L. Pan, and V. Koren, and Q. Y. Duan, and M. Ek, and A. Betts},
	Date-Added = {2019-10-07 14:25:07 -0500},
	Date-Modified = {2019-10-07 14:28:54 -0500},
	Journal = {Journal of Geophysical Research},
	Month = {March},
	Number = {D3},
	Pages = {7251 - 7268},
	Title = {Modeling of land surface evaporation by four schemes and comparison with FIFE observations},
	Volume = {101},
	Year = {1996},
	Bdsk-File-1 = {YnBsaXN0MDDSAQIDBFxyZWxhdGl2ZVBhdGhZYWxpYXNEYXRhXxBtLi4vLi4vU2Nob29sIEZpbGVzL09VIENsYXNzZXMvR3JhZHVhdGUgUHJvZ3JhbS9SZXNlYXJjaC9BcnRpY2xlcy9DaGVuIGV0IGFsLiAxOTk2IC0gVHJhbnNwaXJhdGlvbiBNZXRob2RzLnBkZk8RAnYAAAAAAnYAAgAADE1hY2ludG9zaCBIRAAAAAAAAAAAAAAAAAAAANEO9KhIKwAAAjZioh9DaGVuIGV0IGFsLiAxOTk2IC0gIzIzQ0U3Q0EucGRmAAAAAAAAAAAAAAAAAAAAAAAAAAAAAAAAAAAAAAAAAAACPOfK2YrQkwAAAAAAAAAAAAIABgAACSAAAAAAAAAAAAAAAAAAAAAIQXJ0aWNsZXMAEAAIAADRD0kIAAAAEQAIAADZixbjAAAAAQAgAjZiogFhzN8BQ/s4AFY/xQBCGcgACUDrAAlA2gAClRQAAgCFTWFjaW50b3NoIEhEOlVzZXJzOgBSYXJyZWxsOgBEZXNrdG9wOgBTY2hvb2wgRmlsZXM6AE9VIENsYXNzZXM6AEdyYWR1YXRlIFByb2dyYW06AFJlc2VhcmNoOgBBcnRpY2xlczoAQ2hlbiBldCBhbC4gMTk5NiAtICMyM0NFN0NBLnBkZgAADgBaACwAQwBoAGUAbgAgAGUAdAAgAGEAbAAuACAAMQA5ADkANgAgAC0AIABUAHIAYQBuAHMAcABpAHIAYQB0AGkAbwBuACAATQBlAHQAaABvAGQAcwAuAHAAZABmAA8AGgAMAE0AYQBjAGkAbgB0AG8AcwBoACAASABEABIAfVVzZXJzL1JhcnJlbGwvRGVza3RvcC9TY2hvb2wgRmlsZXMvT1UgQ2xhc3Nlcy9HcmFkdWF0ZSBQcm9ncmFtL1Jlc2VhcmNoL0FydGljbGVzL0NoZW4gZXQgYWwuIDE5OTYgLSBUcmFuc3BpcmF0aW9uIE1ldGhvZHMucGRmAAATAAEvAAAVAAIADv//AAAACAANABoAJACUAAAAAAAAAgEAAAAAAAAABQAAAAAAAAAAAAAAAAAAAw4=}}

@article{Zsoter_2019,
	Author = {Zsoter, Ervin and Cloke, Hannah and Stephens, Elisabeth and de Rosnay, Patricia and Mu{\~n}oz-Sabater, Joaquin and Prudhomme, Christel and Pappenberger, Florian},
	Date-Added = {2019-10-07 14:24:46 -0500},
	Date-Modified = {2019-10-07 14:24:46 -0500},
	Doi = {10.1175/jhm-d-18-0086.1},
	Issn = {1525-7541},
	Journal = {Journal of Hydrometeorology},
	Month = {Aug},
	Number = {8},
	Pages = {1533--1552},
	Publisher = {American Meteorological Society},
	Title = {How Well Do Operational Numerical Weather Prediction Configurations Represent Hydrology?},
	Url = {http://dx.doi.org/10.1175/JHM-D-18-0086.1},
	Volume = {20},
	Year = {2019},
	Bdsk-Url-1 = {http://dx.doi.org/10.1175/JHM-D-18-0086.1},
	Bdsk-Url-2 = {http://dx.doi.org/10.1175/jhm-d-18-0086.1}}

@article{Zhou_2017,
	Author = {Zhou, Xiaqiong and Zhu, Yuejian and Hou, Dingchen and Luo, Yan and Peng, Jiayi and Wobus, Richard},
	Date-Added = {2019-10-07 14:24:30 -0500},
	Date-Modified = {2019-10-07 14:24:30 -0500},
	Doi = {10.1175/waf-d-17-0023.1},
	Issn = {1520-0434},
	Journal = {Weather and Forecasting},
	Month = {Oct},
	Number = {5},
	Pages = {1989--2004},
	Publisher = {American Meteorological Society},
	Title = {Performance of the New NCEP Global Ensemble Forecast System in a Parallel Experiment},
	Url = {http://dx.doi.org/10.1175/WAF-D-17-0023.1},
	Volume = {32},
	Year = {2017},
	Bdsk-Url-1 = {http://dx.doi.org/10.1175/WAF-D-17-0023.1},
	Bdsk-Url-2 = {http://dx.doi.org/10.1175/waf-d-17-0023.1}}

@article{Wang_2018,
	Author = {Wang, Jingzhuo and Chen, Jing and Du, Jun and Zhang, Yutao and Xia, Yu and Deng, Guo},
	Date-Added = {2019-10-07 14:24:12 -0500},
	Date-Modified = {2019-10-07 14:24:12 -0500},
	Doi = {10.1175/mwr-d-17-0223.1},
	Issn = {1520-0493},
	Journal = {Monthly Weather Review},
	Month = {Mar},
	Number = {3},
	Pages = {781--796},
	Publisher = {American Meteorological Society},
	Title = {Sensitivity of Ensemble Forecast Verification to Model Bias},
	Url = {http://dx.doi.org/10.1175/MWR-D-17-0223.1},
	Volume = {146},
	Year = {2018},
	Bdsk-Url-1 = {http://dx.doi.org/10.1175/MWR-D-17-0223.1},
	Bdsk-Url-2 = {http://dx.doi.org/10.1175/mwr-d-17-0223.1}}

@article{Wakefield_2019,
	Author = {Wakefield, Ryann A. and Basara, Jeffrey B. and Furtado, Jason C. and Illston, Bradley G. and Ferguson, Craig. R. and Klein, Petra M.},
	Date-Added = {2019-10-07 14:23:51 -0500},
	Date-Modified = {2019-10-07 14:23:51 -0500},
	Doi = {10.1175/jamc-d-18-0230.1},
	Issn = {1558-8432},
	Journal = {Journal of Applied Meteorology and Climatology},
	Month = {Jul},
	Number = {7},
	Pages = {1465--1483},
	Publisher = {American Meteorological Society},
	Title = {A Modified Framework for Quantifying Land--Atmosphere Covariability during Hydrometeorological and Soil Wetness Extremes in Oklahoma},
	Url = {http://dx.doi.org/10.1175/JAMC-D-18-0230.1},
	Volume = {58},
	Year = {2019},
	Bdsk-Url-1 = {http://dx.doi.org/10.1175/JAMC-D-18-0230.1},
	Bdsk-Url-2 = {http://dx.doi.org/10.1175/jamc-d-18-0230.1}}

@article{Otkin_2019,
	Author = {Otkin, Jason A. and Zhong, Yafang and Hunt, Eric D. and Basara, Jeff and Svoboda, Mark and Anderson, Martha C. and Hain, Christopher},
	Date-Added = {2019-10-07 14:23:33 -0500},
	Date-Modified = {2019-10-07 14:23:33 -0500},
	Doi = {10.1175/jhm-d-18-0171.1},
	Issn = {1525-7541},
	Journal = {Journal of Hydrometeorology},
	Month = {Mar},
	Number = {3},
	Pages = {549--562},
	Publisher = {American Meteorological Society},
	Title = {Assessing the Evolution of Soil Moisture and Vegetation Conditions during a Flash Drought--Flash Recovery Sequence over the South-Central United States},
	Url = {http://dx.doi.org/10.1175/JHM-D-18-0171.1},
	Volume = {20},
	Year = {2019},
	Bdsk-Url-1 = {http://dx.doi.org/10.1175/JHM-D-18-0171.1},
	Bdsk-Url-2 = {http://dx.doi.org/10.1175/jhm-d-18-0171.1}}

@article{Otkin_2015,
	Author = {Otkin, Jason A. and Shafer, Mark and Svoboda, Mark and Wardlow, Brian and Anderson, Martha C. and Hain, Christopher and Basara, Jeffrey},
	Date-Added = {2019-10-07 14:23:14 -0500},
	Date-Modified = {2019-10-07 14:23:14 -0500},
	Doi = {10.1175/bams-d-14-00219.1},
	Issn = {1520-0477},
	Journal = {Bulletin of the American Meteorological Society},
	Month = {Jul},
	Number = {7},
	Pages = {1073--1078},
	Publisher = {American Meteorological Society},
	Title = {Facilitating the Use of Drought Early Warning Information through Interactions with Agricultural Stakeholders},
	Url = {http://dx.doi.org/10.1175/BAMS-D-14-00219.1},
	Volume = {96},
	Year = {2015},
	Bdsk-Url-1 = {http://dx.doi.org/10.1175/BAMS-D-14-00219.1},
	Bdsk-Url-2 = {http://dx.doi.org/10.1175/bams-d-14-00219.1}}

@article{Otkin_2013,
	Author = {Otkin, Jason A. and Anderson, Martha C. and Hain, Christopher and Mladenova, Iliana E. and Basara, Jeffrey B. and Svoboda, Mark},
	Date-Added = {2019-10-07 14:22:57 -0500},
	Date-Modified = {2019-10-07 14:22:57 -0500},
	Doi = {10.1175/jhm-d-12-0144.1},
	Issn = {1525-7541},
	Journal = {Journal of Hydrometeorology},
	Month = {Aug},
	Number = {4},
	Pages = {1057--1074},
	Publisher = {American Meteorological Society},
	Title = {Examining Rapid Onset Drought Development Using the Thermal Infrared--Based Evaporative Stress Index},
	Url = {http://dx.doi.org/10.1175/JHM-D-12-0144.1},
	Volume = {14},
	Year = {2013},
	Bdsk-Url-1 = {http://dx.doi.org/10.1175/JHM-D-12-0144.1},
	Bdsk-Url-2 = {http://dx.doi.org/10.1175/jhm-d-12-0144.1}}

@article{Mesinger_2006,
	Author = {Mesinger, Fedor and DiMego, Geoff and Kalnay, Eugenia and Mitchell, Kenneth and Shafran, Perry C. and Ebisuzaki, Wesley and Jovi{\'c}, Du{\v s}an and Woollen, Jack and Rogers, Eric and Berbery, Ernesto H. and et al.},
	Date-Added = {2019-10-07 14:22:34 -0500},
	Date-Modified = {2019-10-07 14:22:34 -0500},
	Doi = {10.1175/bams-87-3-343},
	Issn = {1520-0477},
	Journal = {Bulletin of the American Meteorological Society},
	Month = {Mar},
	Number = {3},
	Pages = {343--360},
	Publisher = {American Meteorological Society},
	Title = {North American Regional Reanalysis},
	Url = {http://dx.doi.org/10.1175/BAMS-87-3-343},
	Volume = {87},
	Year = {2006},
	Bdsk-Url-1 = {http://dx.doi.org/10.1175/BAMS-87-3-343},
	Bdsk-Url-2 = {http://dx.doi.org/10.1175/bams-87-3-343}}

@article{Gehne_2019,
	Author = {Gehne, Maria and Hamill, Thomas M. and Bates, Gary T. and Pegion, Philip and Kolczynski, Walter},
	Date-Added = {2019-10-07 14:22:09 -0500},
	Date-Modified = {2019-10-07 14:22:09 -0500},
	Doi = {10.1175/mwr-d-18-0057.1},
	Issn = {1520-0493},
	Journal = {Monthly Weather Review},
	Month = {Apr},
	Number = {4},
	Pages = {1319--1340},
	Publisher = {American Meteorological Society},
	Title = {Land Surface Parameter and State Perturbations in the Global Ensemble Forecast System},
	Url = {http://dx.doi.org/10.1175/MWR-D-18-0057.1},
	Volume = {147},
	Year = {2019},
	Bdsk-Url-1 = {http://dx.doi.org/10.1175/MWR-D-18-0057.1},
	Bdsk-Url-2 = {http://dx.doi.org/10.1175/mwr-d-18-0057.1}}

@article{Ek_2003,
	Author = {Ek, M. B. and Mitchell, K. E. and Lin, Y. and Rogers, E. and Grunmann, P. and Koren, V. and Gayno, G. and Tarpley, J. D.},
	Date-Added = {2019-10-07 14:21:46 -0500},
	Date-Modified = {2019-10-07 14:21:46 -0500},
	Doi = {10.1029/2002jd003296},
	Issn = {2156-2202},
	Journal = {Journal of Geophysical Research: Atmospheres},
	Month = {Nov},
	Number = {D22},
	Publisher = {American Geophysical Union (AGU)},
	Title = {Implementation of Noah land surface model advances in the National Centers for Environmental Prediction operational mesoscale Eta model},
	Url = {http://dx.doi.org/10.1029/2002JD003296},
	Volume = {108},
	Year = {2003},
	Bdsk-Url-1 = {http://dx.doi.org/10.1029/2002JD003296},
	Bdsk-Url-2 = {http://dx.doi.org/10.1029/2002jd003296}}

@article{Basara_2019,
	Author = {Basara, Jeffrey B and Christian, Jordan I and Wakefield, Ryann A and Otkin, Jason A and Hunt, Eric H and Brown, David P},
	Date-Added = {2019-10-07 14:21:08 -0500},
	Date-Modified = {2019-10-07 14:21:08 -0500},
	Doi = {10.1088/1748-9326/ab2cc0},
	Issn = {1748-9326},
	Journal = {Environmental Research Letters},
	Month = {Jul},
	Number = {8},
	Pages = {084025},
	Publisher = {IOP Publishing},
	Title = {The evolution, propagation, and spread of flash drought in the Central United States during 2012},
	Url = {http://dx.doi.org/10.1088/1748-9326/ab2cc0},
	Volume = {14},
	Year = {2019},
	Bdsk-Url-1 = {http://dx.doi.org/10.1088/1748-9326/ab2cc0}}

@article{Otkin_2018,
	Author = {Otkin, Jason A. and Svoboda, Mark and Hunt, Eric D. and Ford, Trent W. and Anderson, Martha C. and Hain, Christopher and Basara, Jeffrey B.},
	Date-Added = {2019-10-07 14:20:20 -0500},
	Date-Modified = {2019-10-07 14:20:20 -0500},
	Doi = {10.1175/bams-d-17-0149.1},
	Issn = {1520-0477},
	Journal = {Bulletin of the American Meteorological Society},
	Month = {May},
	Number = {5},
	Pages = {911--919},
	Publisher = {American Meteorological Society},
	Title = {Flash Droughts: A Review and Assessment of the Challenges Imposed by Rapid-Onset Droughts in the United States},
	Url = {http://dx.doi.org/10.1175/BAMS-D-17-0149.1},
	Volume = {99},
	Year = {2018},
	Bdsk-Url-1 = {http://dx.doi.org/10.1175/BAMS-D-17-0149.1},
	Bdsk-Url-2 = {http://dx.doi.org/10.1175/bams-d-17-0149.1}}

@article{Christian_2019,
	Author = {Christian, Jordan I. and Basara, Jeffrey B. and Otkin, Jason A. and Hunt, Eric D. and Wakefield, Ryann A. and Flanagan, Paul X. and Xiao, Xiangming},
	Date-Added = {2019-10-07 14:19:47 -0500},
	Date-Modified = {2019-10-07 14:19:47 -0500},
	Doi = {10.1175/jhm-d-18-0198.1},
	Issn = {1525-7541},
	Journal = {Journal of Hydrometeorology},
	Month = {May},
	Number = {5},
	Pages = {833--846},
	Publisher = {American Meteorological Society},
	Title = {A Methodology for Flash Drought Identification: Application of Flash Drought Frequency across the United States},
	Url = {http://dx.doi.org/10.1175/JHM-D-18-0198.1},
	Volume = {20},
	Year = {2019},
	Bdsk-Url-1 = {http://dx.doi.org/10.1175/JHM-D-18-0198.1},
	Bdsk-Url-2 = {http://dx.doi.org/10.1175/jhm-d-18-0198.1}}
